=LDR  03264caa a22007937i 4500
=001  016293742
=003  Uk
=005  20230302181731.0
=006  m\\\\||\\d\|\\\\\\
=007  cr\|||||||||||
=008  130305s2012\\\\xxu\\\\\o\\\\|1|0\0|eng\\
=FMT  \\$a  BK
=040  \\$aUk$beng$cUk$erda
=CNF  \\$aResearch ethics: reexamining key concerns (Conference)$d2011 Nov :$cWinston-Salem, NC)
=245  00$aResearch ethics :$breexamining key concerns.
=264  \1$a[Oxford :$bBlackwell,$c2012]
=300  \\$a1 online resource (pages 865-1024)
=336  \\$atext$2rdacontent
=337  \\$acomputer$2rdamedia
=338  \\$aonline resource$2rdacarrier
=490  0\$aJournal of law medicine and ethics,$x1748-720X ,$vvol 40 no 4 2012
=591  \\$aPapers.
=595  \\$aESTAR title.
=540  \\$aCurrent Copyright Fee: GBP22.50$c0$5Uk
=653  1\$aResearch ethics
=653  1\$aBioethics
=653  1\$aEthics
=710  2\$aWake Forest University.$bCenter for Bioethics, Health & Society.
=773  0\$tJournal of law, medicine & ethics$gv. 40, no 4 (Winter 2012)
=852  41$aBritish Library$bHMNTS$jELD Digital store
=852  \\$aBritish Library$bDSC$j5010.195000
=945  \\$aJournal of law medicine and ethics, ISSN 1748-720X , vol 40 no 4 2012
=CAT  \\$a6162$b40$c20130305$lBLL01$h1147
=CAT  \\$aBATCH-CLA$b00$c20190522$lBLL01$h0242
=CAT  \\$aIPL-CLA$c20190630$lBLL01$h1546
=CAT  \\$aBATCH-UPD$b00$c20190829$lBLL01$h1430
=CAT  \\$aBATCH-CLA$b00$c20190830$lBLL01$h0211
=CAT  \\$aBATCH-CLA$b00$c20190830$lBLL01$h0237
=CAT  \\$aIPL-CLA$c20190930$lBLL01$h1652
=CAT  \\$aBATCH-UPD$b00$c20200219$lBLL01$h1420
=CAT  \\$aBATCH-CLA$b00$c20200220$lBLL01$h0454
=CAT  \\$aBATCH-CLA$b00$c20200220$lBLL01$h0512
=CAT  \\$aIPL-CLA$c20200331$lBLL01$h1629
=CAT  \\$aBATCH-UPD$b00$c20200522$lBLL01$h1413
=CAT  \\$aBATCH-CLA$b00$c20200523$lBLL01$h0514
=CAT  \\$aBATCH-CLA$b00$c20200523$lBLL01$h0538
=CAT  \\$aIPL-CLA$c20200701$lBLL01$h0114
=CAT  \\$aBATCH-CLA$b00$c20201216$lBLL01$h0159
=CAT  \\$aIPL-CLA$c20201231$lBLL01$h1532
=CAT  \\$aDEL-3PM$c20210112$lBLL01$h1250
=CAT  \\$aBATCH-CLA$b00$c20210113$lBLL01$h0123
=CAT  \\$aBATCH-CLA$b00$c20210328$lBLL01$h1316
=CAT  \\$aIPL-CLA$c20210331$lBLL01$h1702
=CAT  \\$aBATCH-CLA$b00$c20210617$lBLL01$h1356
=CAT  \\$aIPL-CLA$c20210704$lBLL01$h1017
=CAT  \\$aBATCH-CLA$b00$c20221206$lBLL01$h1723
=CAT  \\$aIPL-CLA$c20221231$lBLL01$h1451
=CAT  \\$aBATCH-CLA$b00$c20230302$lBLL01$h1817
=CFI  0\$aCurrent Copyright Fee: GBP22.50$c0$e09-feb-2023$fGBP22.50$g0$hC$5Uk
=EST  \\$a1
=FIN  \\$aY$d20130305
=LKR  \\$aANA$b013497058$lBLL01$nJournal of law, medicine & ethics$mResearch ethics$r773$y2012$v40$i4
=TCO  \\$aCLA$bCLA$c008
=UNO  \\$aY
=ACF  \\$aPrevious copyright fee: GBP27.59$c103\0$e01-apr-2016$fGBP27.59$g0$hP$5Uk
=ACF  \\$aPrevious copyright fee: GBP29.63$c103\0$e01-oct-2016$fGBP29.63$g0$hP$5Uk
=ACF  \\$aPrevious copyright fee: GBP22.50$c0$e01-jan-2021$fGBP22.50$g0$hA$5Uk
=ACF  \\$aBritish Library not licensed to copy$c0$e01-apr-2021$hC$iCFP Excluded$5Uk
=LAS  \\$aBATCH-CLA$b00$c20230302$lBLL01$h1817

