=LDR  03110caa a22007457i 4500
=001  016522293
=003  Uk
=005  20221231145208.0
=006  m\\\\||\\d\|\\\\\\
=007  cr\|||||||||||
=008  131016s2013\\\\xxu\\\\\o\\\\|1|0\0|eng\\
=FMT  \\$a  BK
=040  \\$aUk$beng$cUk$erda
=CNF  \\$aGerman Transplantation Society (Annual meeting)$n(22nd :$d2013 Oct :$cFrankfurt, Germany)
=245  00$aAbstracts of the 22nd annual meeting of the German Transplantation Society, Frankfurt am Main, 24-26 October 2013.
=264  \1$aHoboken :$bWiley,$c2013.
=300  \\$a1 online resource (pages 1-61)
=336  \\$atext$2rdacontent
=337  \\$acomputer$2rdamedia
=338  \\$aonline resource$2rdacarrier
=490  0\$aTransplant international,$x0934-0874 ,$vvol 26 suppl 1 2013
=591  \\$aPreprinted abstracts and programme.
=595  \\$aESTAR title.
=540  \\$aCurrent Copyright Fee: GBP25.00$c0$5Uk
=653  1\$aTransplantation
=710  2\$aGerman Transplantation Society.
=773  0\$tTransplant international$gv. 26, issue s1 (November 2013)
=852  41$aBritish Library$bSTI$jELD Digital store
=852  41$aBritish Library$bDSC$j9024.989000
=945  \\$aTransplant international, ISSN 0934-0874 ; vol 26 suppl 1 2013
=CAT  \\$a10934$b40$c20131016$lBLL01$h1351
=CAT  \\$aIPL-CLA$c20150228$lBLL01$h2058
=CAT  \\$a10969$b40$c20151203$lBLL01$h1000
=CAT  \\$aBATCH-CLA$b00$c20151204$lBLL01$h0127
=CAT  \\$aBATCH-UPD$b00$c20160525$lBLL01$h0738
=CAT  \\$aBATCH-CLA$b00$c20160526$lBLL01$h0133
=CAT  \\$aW1607-1323$c20160726$lBLL01$h1340
=CAT  \\$aBATCH-CLA$b00$c20160727$lBLL01$h0131
=CAT  \\$aW1607-1323$c20160810$lBLL01$h1440
=CAT  \\$aBATCH-CLA$b00$c20160811$lBLL01$h0136
=CAT  \\$aW1703-0316$c20170306$lBLL01$h1827
=CAT  \\$aW1703-0316$c20170307$lBLL01$h1651
=CAT  \\$aIPL-CLA$c20170307$lBLL01$h1825
=CAT  \\$aBATCH-UPD$b00$c20180219$lBLL01$h1756
=CAT  \\$aBATCH-UPD$b00$c20181121$lBLL01$h1626
=CAT  \\$aBATCH-CLA$b00$c20181122$lBLL01$h0127
=CAT  \\$aBATCH-CLA$b00$c20181122$lBLL01$h0150
=CAT  \\$aIPL-CLA$c20181231$lBLL01$h1553
=CAT  \\$aBATCH-CLA$b00$c20191128$lBLL01$h0122
=CAT  \\$aIPL-CLA$c20191231$lBLL01$h2036
=CAT  \\$aBATCH-CLA$b00$c20211027$lBLL01$h0125
=CAT  \\$aIPL-CLA$c20211231$lBLL01$h1545
=CAT  \\$aDEL-3PM$c20220105$lBLL01$h1525
=CAT  \\$aBATCH-CLA$b00$c20220106$lBLL01$h0104
=CAT  \\$aBATCH-CLA$b00$c20221221$lBLL01$h1928
=CAT  \\$aIPL-CLA$c20221231$lBLL01$h1452
=CFI  0\$aCurrent Copyright Fee: GBP25.00$c0$e01-jan-2023$fGBP25.00$g0$hA$5Uk
=CFI  2\$aPrevious Copyright Fee: GBP22.50$c0$e01-jan-2022$fGBP22.50$g0$hA$5Uk
=EST  \\$a1
=FIN  \\$aY$d20131016
=LKR  \\$aANA$b013095847$lBLL01$nTransplant international$mAbstracts of the 22nd annual meeting of the German Transplantation Society, Frankfurt am Main, 24-26 October 2013$r773$y2013$v26$i1$psn
=TCO  \\$aCLA$bCLA$c008
=TCO  \\$aDEU$bVG WORT$c008
=UNO  \\$aY
=LAS  \\$aIPL-CLA$b00$c20221231$lBLL01$h1452

