=LDR  02809caa a22007217i 4500
=001  016564166
=003  Uk
=005  20230302181836.0
=006  m\\\\||\\d\|\\\\\\
=007  cr\|||||||||||
=008  131210s2010\\\\ne\\\\\\o\\\\|1|0\0|eng\\
=FMT  \\$a  BK
=040  \\$aUk$beng$cUk$erda
=CNF  \\$aPsychiatry (European congress)$n(18th :$d2010 Mar :$cMunich, Germany)
=245  00$a18th European congress of psychiatry.
=264  \1$aAmsterdam :$bElsevier,$c2010.
=300  \\$a1 online resource (pages 1-1718)
=336  \\$atext$2rdacontent
=337  \\$acomputer$2rdamedia
=338  \\$aonline resource$2rdacarrier
=490  0\$aEuropean psychiatry,$x0924-9338 ,$vvol 25 suppl 1 2010
=591  \\$aAbstracts. Also known a EPA.
=595  \\$aESTAR title.
=540  \\$aCurrent Copyright Fee: GBP22.50$c0$5Uk
=653  1\$aPsychiatry
=653  1\$aEPA
=710  2\$aEuropean Psychiatric Association.
=773  0\$tEuropean psychiatry$gv. 25, supplement 1 (2010)
=852  41$aBritish Library$bDSC$j3829.842700
=852  41$aBritish Library$bHMNTS$jELD Digital store
=945  \\$aEuropean psychiatry, ISSN 0924-9338 ; vol 25 suppl 1 2010
=CAT  \\$a6162$b40$c20131210$lBLL01$h1634
=CAT  \\$aBATCH-CLA$b00$c20160727$lBLL01$h0131
=CAT  \\$aW1607-1323$c20160810$lBLL01$h1441
=CAT  \\$aBATCH-CLA$b00$c20160811$lBLL01$h0136
=CAT  \\$a10969$b40$c20161114$lBLL01$h1611
=CAT  \\$aBATCH-UPD$b40$c20171121$lBLL01$h1755
=CAT  \\$aIPL-CLA$c20171231$lBLL01$h1822
=CAT  \\$aBATCH-UPD$b00$c20190521$lBLL01$h1446
=CAT  \\$aBATCH-CLA$b00$c20190522$lBLL01$h0211
=CAT  \\$aBATCH-CLA$b00$c20190522$lBLL01$h0242
=CAT  \\$aIPL-CLA$c20190630$lBLL01$h1547
=CAT  \\$aBATCH-CLA$b00$c20200211$lBLL01$h0111
=CAT  \\$aDEL-3PM$c20200220$lBLL01$h1518
=CAT  \\$aBATCH-CLA$b00$c20200221$lBLL01$h0107
=CAT  \\$aBATCH-CLA$b00$c20200325$lBLL01$h1234
=CAT  \\$aIPL-CLA$c20200331$lBLL01$h1630
=CAT  \\$aBATCH-CLA$b00$c20200627$lBLL01$h0120
=CAT  \\$aBLDSS-3PM$b00$c20200717$lBLL01$h1045
=CAT  \\$aBATCH-UPD$b00$c20200717$lBLL01$h1046
=CAT  \\$aBATCH-CLA$b00$c20200718$lBLL01$h0106
=CAT  \\$aBATCH-CLA$b00$c20211112$lBLL01$h0106
=CAT  \\$aDEL-3PM$c20211115$lBLL01$h0922
=CAT  \\$aBATCH-CLA$b00$c20211116$lBLL01$h0104
=CAT  \\$aBATCH-CLA$b00$c20221206$lBLL01$h1635
=CAT  \\$aIPL-CLA$c20221231$lBLL01$h1452
=CAT  \\$aBATCH-CLA$b00$c20230302$lBLL01$h1818
=CFI  0\$aCurrent Copyright Fee: GBP22.50$c0$e09-feb-2023$fGBP22.50$g0$hC$5Uk
=EST  \\$a1
=FIN  \\$aY$d20131210
=LKR  \\$aANA$b012432929$lBLL01$nEuropean psychiatry$m18th European congress of psychiatry$r773$y2010$v25$i1$psn
=TCO  \\$aFRA$bCFC$c008
=LAS  \\$aBATCH-CLA$b00$c20230302$lBLL01$h1818

