=LDR  04000caa a22008897i 4500
=001  016623681
=003  Uk
=005  20220930142913.0
=006  m\\\\||\\d\|\\\\\\
=007  cr\|||||||||||
=008  140206s2007\\\\ne\\\\\\o\\\\|1|0\0|eng\\
=FMT  \\$a  BK
=040  \\$aUk$beng$cUk$erda
=CNF  \\$aIASL-IISL International and interdisciplinary workshop on policy and law relating to outer space resources.$d(2006 Jun :$cMontreal, Canada)
=245  00$aIASL-IISL International and interdisciplinary workshop on policy and law relating to outer space resources :$bthe example of the Moon, Mars and other celestial bodies.
=264  \1$aAlphen aan den Rijn, Netherlands :$bWolters Kluwer,$c[2007]
=300  \\$a1 online resource (pages 31-39)
=336  \\$atext$2rdacontent
=337  \\$acomputer$2rdamedia
=338  \\$aonline resource$2rdacarrier
=490  0\$aAir and space law,$x0927-3379 ,$vvol 32 issue 1 2007
=591  \\$aReport.
=595  \\$aESTAR title.
=540  \\$aCurrent copyright fee: GBP20.83$c34\0$5Uk
=653  1\$aIASL
=653  1\$aIISL
=653  1\$aOuter space resources
=653  1\$aMoon
=653  1\$aMars
=653  1\$aCelestial bodies
=710  2\$aMcGill University.$bInstitute of Air and Space Law.
=710  2\$aInternational Institute of Space Law.
=773  0\$tAir & space law$gv. 32, issue 1 (February 2007)
=852  41$aBritish Library$bDSC$j0774.131000
=852  41$aBritish Library$bHMNTS$jELD Digital store
=945  \\$aAir and space law, ISSN 0927-3379 ; vol 32 issue 1 2007
=CAT  \\$a10997$b40$c20140206$lBLL01$h1437
=CAT  \\$aBATCH-CLA$b00$c20190830$lBLL01$h0238
=CAT  \\$aIPL-CLA$c20190930$lBLL01$h1653
=CAT  \\$aBATCH-UPD$b00$c20200219$lBLL01$h1536
=CAT  \\$aBATCH-CLA$b00$c20200220$lBLL01$h0446
=CAT  \\$aBATCH-CLA$b00$c20200220$lBLL01$h0513
=CAT  \\$aIPL-CLA$c20200331$lBLL01$h1630
=CAT  \\$aBATCH-UPD$b00$c20200522$lBLL01$h1519
=CAT  \\$aBATCH-CLA$b00$c20200523$lBLL01$h0503
=CAT  \\$aBATCH-CLA$b00$c20200523$lBLL01$h0538
=CAT  \\$aIPL-CLA$c20200701$lBLL01$h0116
=CAT  \\$aBATCH-UPD$b00$c20210226$lBLL01$h1102
=CAT  \\$aBATCH-CLA$b00$c20210227$lBLL01$h0453
=CAT  \\$aBATCH-CLA$b00$c20210227$lBLL01$h0528
=CAT  \\$aIPL-CLA$c20210331$lBLL01$h1703
=CAT  \\$aBATCH-UPD$b00$c20210707$lBLL01$h1625
=CAT  \\$aIPL-CLA$c20210707$lBLL01$h1844
=CAT  \\$aBATCH-CLA$b00$c20210708$lBLL01$h0425
=CAT  \\$aBATCH-UPD$b00$c20220520$lBLL01$h1706
=CAT  \\$aBATCH-CLA$b00$c20220521$lBLL01$h0429
=CAT  \\$aBATCH-CLA$b00$c20220521$lBLL01$h0503
=CAT  \\$aIPL-CLA$c20220630$lBLL01$h1539
=CAT  \\$aBATCH-UPD$b00$c20220824$lBLL01$h0929
=CAT  \\$aBATCH-CLA$b00$c20220825$lBLL01$h0443
=CAT  \\$aBATCH-CLA$b00$c20220825$lBLL01$h0509
=CAT  \\$aIPL-CLA$c20220930$lBLL01$h1429
=CFI  0\$aCurrent copyright fee: GBP20.83$c34\0$e01-oct-2022$fGBP20.83$g0$hP$5Uk
=CFI  2\$aPrevious copyright fee: GBP20.00$c34\0$e01-jul-2022$fGBP20.00$g0$hP$5Uk
=EST  \\$a1
=FIN  \\$aY$d20140206
=LKR  \\$aANA$b012431957$lBLL01$nAir & space law$mIASL-IISL International and interdisciplinary workshop on policy and law relating to outer space resources$r773$y2007$v32$i1
=TCO  \\$aNLD$bSTICHTING REPRORECHT$c008
=UNO  \\$aY
=ACF  \\$aPrevious copyright fee: GBP15.63$c34\0$e01-jan-2014$fGBP15.63$g0$hP$5Uk
=ACF  \\$aPrevious copyright fee: GBP15.15$c34\0$e01-jul-2014$fGBP15.15$g0$hP$5Uk
=ACF  \\$aPrevious copyright fee: GBP16.37$c34\0$e01-jul-2015$fGBP16.37$g0$hP$5Uk
=ACF  \\$aPrevious copyright fee: GBP17.24$c34\0$e01-apr-2016$fGBP17.24$g0$hP$5Uk
=ACF  \\$aPrevious copyright fee: GBP18.52$c34\0$e01-oct-2016$fGBP18.52$g0$hP$5Uk
=ACF  \\$aPrevious copyright fee: GBP20.00$c34\0$e01-apr-2017$fGBP20.00$g0$hP$5Uk
=ACF  \\$aPrevious copyright fee: GBP20.00$c34\0$e01-jul-2020$fGBP20.00$g0$hP$5Uk
=LAS  \\$aIPL-CLA$b00$c20220930$lBLL01$h1429

