=LDR  03168caa a22007577i 4500
=001  016633194
=003  Uk
=005  20221231145230.0
=006  m\\\\||\\d\|\\\\\\
=007  cr\|||||||||||
=008  140219s2013\\\\xxu\\\\\o\\\\|1|0\0|eng\\
=FMT  \\$a  BK
=040  \\$aUk$beng$cUk$erda
=CNF  \\$aNorthern Institute of Philosophy (Conference)$n(2nd :$d2013 Jun :$cAberdeen)
=245  00$aNorthern Institute of Philosophy second early career conference /$ceditors: Crispin Wright, Carrie Ichikawa Jenkins and John Divers.
=264  \1$a[Hoboken, N.J.] :$bWiley,$c[2013]
=300  \\$a1 online resource (pages 281-376)
=336  \\$atext$2rdacontent
=337  \\$acomputer$2rdamedia
=338  \\$aonline resource$2rdacarrier
=490  0\$aThought- Northern Institute of Philosophy,$x2161-2234 ,$vvol 2 no 4 2013
=591  \\$aSelected papers.
=595  \\$aESTAR title.
=540  \\$aCurrent Copyright Fee: GBP25.00$c0$5Uk
=653  1\$aPhilosophy
=700  1\$aWright, Crispin,$eeditor of compilation.
=700  1\$aJenkins, Carrie Ichikawa,$eeditor of compilation.
=700  1\$aDivers, John,$eeditor of compilation.
=710  2\$aNorthern Institute of Philosophy.
=773  0\$tThought$gv. 2, no. 4 (December 2013)
=852  41$aBritish Library$bDSC$j8820.291500
=852  41$aBritish Library$bHMNTS$jELD Digital store
=945  \\$aThought- Northern Institute of Philosophy, ISSN 2161-2234 ; vol 2 no 4 2013
=CAT  \\$a8342$b40$c20140219$lBLL01$h1155
=CAT  \\$aBLDSS-3PM$b00$c20141214$lBLL01$h1527
=CAT  \\$aBATCH-CLA$b00$c20141215$lBLL01$h0101
=CAT  \\$aBATCH-UPD$b00$c20150215$lBLL01$h1707
=CAT  \\$aBATCH-CLA$b00$c20150216$lBLL01$h0043
=CAT  \\$aIPL-CLA$c20150228$lBLL01$h2058
=CAT  \\$aBATCH-UPD$b00$c20160626$lBLL01$h2340
=CAT  \\$aBATCH-CLA$b00$c20160627$lBLL01$h0114
=CAT  \\$aW1607-1323$c20160726$lBLL01$h1340
=CAT  \\$aBATCH-CLA$b00$c20160727$lBLL01$h0131
=CAT  \\$aW1607-1323$c20160810$lBLL01$h1441
=CAT  \\$aBATCH-CLA$b00$c20160811$lBLL01$h0137
=CAT  \\$aBATCH-UPD$b00$c20180219$lBLL01$h1756
=CAT  \\$aBATCH-CLA$b00$c20180220$lBLL01$h0156
=CAT  \\$aBATCH-UPD$b00$c20181121$lBLL01$h1627
=CAT  \\$aBATCH-CLA$b00$c20181122$lBLL01$h0141
=CAT  \\$aBATCH-CLA$b00$c20181122$lBLL01$h0150
=CAT  \\$aIPL-CLA$c20181231$lBLL01$h1553
=CAT  \\$aBATCH-CLA$b00$c20191128$lBLL01$h0122
=CAT  \\$aIPL-CLA$c20191231$lBLL01$h2037
=CAT  \\$aBATCH-CLA$b00$c20211027$lBLL01$h0125
=CAT  \\$aIPL-CLA$c20211231$lBLL01$h1546
=CAT  \\$aDEL-3PM$c20220105$lBLL01$h1525
=CAT  \\$aBATCH-CLA$b00$c20220106$lBLL01$h0105
=CAT  \\$aBATCH-CLA$b00$c20221221$lBLL01$h1929
=CAT  \\$aIPL-CLA$c20221231$lBLL01$h1452
=CFI  0\$aCurrent Copyright Fee: GBP25.00$c0$e01-jan-2023$fGBP25.00$g0$hA$5Uk
=CFI  2\$aPrevious Copyright Fee: GBP22.50$c0$e01-jan-2022$fGBP22.50$g0$hA$5Uk
=EST  \\$a1
=FIN  \\$aY$d20140219
=LKR  \\$aANA$b016064420$lBLL01$nThought$r773$y2013$v2$i4$mNorthern Institute of Philosophy second early career conference
=UNO  \\$aY
=LAS  \\$aIPL-CLA$b00$c20221231$lBLL01$h1452

