=LDR  03132caa a22007577i 4500
=001  016645785
=003  Uk
=005  20230302181857.0
=006  m\\\\||\\d\|\\\\\\
=007  cr\|||||||||||
=008  140305s2009\\\\enk\\\\\o\\\\|1|0\0|eng\\
=FMT  \\$a  BK
=040  \\$aUk$beng$cUk$erda
=CNF  \\$aCommonwealth law ministers (Meeting)$d(2008 Jul :$cEdinburgh)
=245  00$aMeeting of Commonwealth law ministers, Edinburgh, 7-10 July 2008 :$bcommuniqué.
=264  \1$aLondon :$bRoutledge,$c2009.
=300  \\$a1 online resource (pages 85-97)
=336  \\$atext$2rdacontent
=337  \\$acomputer$2rdamedia
=338  \\$aonline resource$2rdacarrier
=490  0\$aCommonwealth law bulletin,$x0305-0718 ,$vvol 35 issue 1 2009
=591  \\$aReport.
=595  \\$aESTAR title.
=540  \\$aCurrent Copyright Fee: GBP40.25$c0$5Uk
=653  1\$aCommonwealth law
=653  1\$aLaw
=773  0\$tCommonwealth law bulletin$gv. 35, issue 1 (March 2009)
=852  41$aBritish Library$bHMNTS$jELD Digital store
=852  41$aBritish Library$bDSC$j3340.880000
=945  \\$aCommonwealth law bulletin, ISSN 0305-0718 ; vol 35 issue 1 2009
=CAT  \\$a10934$b40$c20140305$lBLL01$h0958
=CAT  \\$aBATCH-CLA$b00$c20160811$lBLL01$h0136
=CAT  \\$aBATCH-UPD$b00$c20161122$lBLL01$h1515
=CAT  \\$aIPL-CLA$c20161231$lBLL01$h0016
=CAT  \\$aBATCH-UPD$b00$c20171121$lBLL01$h1650
=CAT  \\$aIPL-CLA$c20171231$lBLL01$h1823
=CAT  \\$aBATCH-UPD$b00$c20181217$lBLL01$h1641
=CAT  \\$aBATCH-CLA$b00$c20181218$lBLL01$h0120
=CAT  \\$aBATCH-CLA$b00$c20181218$lBLL01$h0139
=CAT  \\$aIPL-CLA$c20181231$lBLL01$h1553
=CAT  \\$aBATCH-UPD$b00$c20191122$lBLL01$h1903
=CAT  \\$aBATCH-CLA$b00$c20191123$lBLL01$h0119
=CAT  \\$aBATCH-CLA$b00$c20191123$lBLL01$h0130
=CAT  \\$aIPL-CLA$c20191231$lBLL01$h2037
=CAT  \\$aBATCH-UPD$b00$c20201118$lBLL01$h1336
=CAT  \\$aBATCH-CLA$b00$c20201119$lBLL01$h0124
=CAT  \\$aBATCH-CLA$b00$c20201119$lBLL01$h0143
=CAT  \\$aIPL-CLA$c20201231$lBLL01$h1533
=CAT  \\$aBATCH-CLA$b00$c20211027$lBLL01$h0125
=CAT  \\$aIPL-CLA$c20211231$lBLL01$h1546
=CAT  \\$aDEL-3PM$c20220105$lBLL01$h1525
=CAT  \\$aBATCH-CLA$b00$c20220106$lBLL01$h0104
=CAT  \\$aBATCH-CLA$b00$c20220329$lBLL01$h1633
=CAT  \\$aIPL-CLA$c20220331$lBLL01$h1952
=CAT  \\$aBATCH-CLA$b00$c20221206$lBLL01$h1710
=CAT  \\$aIPL-CLA$c20221231$lBLL01$h1452
=CAT  \\$aBATCH-CLA$b00$c20230302$lBLL01$h1818
=CFI  0\$aCurrent Copyright Fee: GBP40.25$c0$e09-feb-2023$fGBP40.25$g0$hC$5Uk
=EST  \\$a1
=FIN  \\$aY$d20140305
=LKR  \\$aANA$b013411954$lBLL01$nCommonwealth law bulletin$mMeeting of Commonwealth law ministers, Edinburgh, 7-10 July 2008$r773$y2009$v35$i1
=TCO  \\$aCLA$bCLA$c008
=ACF  \\$aPrevious copyright fee: GBP24.00$c2\0$e01-jan-2014$fGBP24.00$g0$hP$5Uk
=ACF  \\$aPrevious copyright fee: GBP26.00$c2\0$e01-jan-2016$fGBP26.00$g0$hP$5Uk
=ACF  \\$aPrevious copyright fee: GBP22.50$c0$e01-jan-2022$fGBP22.50$g0$hA$5Uk
=LAS  \\$aBATCH-CLA$b00$c20230302$lBLL01$h1818

