=LDR  02944caa a22007097i 4500
=001  016728262
=003  Uk
=005  20230302181916.0
=006  m\\\\||\\d\|\\\\\\
=007  cr\|||||||||||
=008  140528s2014\\\\xxu\\\\\o\\\\|1|0\0|eng\\
=FMT  \\$a  BK
=040  \\$aUk$beng$cUk$erda
=CNF  \\$aAmerican Association of Physical Anthropologists (Meeting)$n(83rd :$d2014 Apr :$cCalgary, Canada)
=245  00$aAmerican Association of Physical Anthropologists, Calgary, Alberta, April 8-12.
=264  \1$aWashington :$bWiley,$c2014.
=300  \\$a1 online resource (page 11)
=336  \\$atext$2rdacontent
=337  \\$acomputer$2rdamedia
=338  \\$aonline resource$2rdacarrier
=490  0\$aScience news -Washington-,$x0036-8423 ,$vvol 185 issue 11 2014
=591  \\$aReports.
=595  \\$aESTAR title.
=540  \\$aCurrent Copyright Fee: GBP28.00$c0$5Uk
=653  1\$aPhysical anthropologists
=653  1\$aAnthropologists
=710  2\$aAmerican Association of Physical Anthropologists.
=773  0\$tScience news$gv. 185, issue 11 (May 2014)
=852  41$aBritish Library$bDSC$j8150.010000
=852  41$aBritish Library$bSTI$jELD Digital store
=945  \\$aScience news -Washington-, ISSN 0036-8423 ; vol 185 issue 11 2014
=CAT  \\$a10934$b40$c20140528$lBLL01$h0842
=CAT  \\$a10934$b40$c20140528$lBLL01$h0845
=CAT  \\$aBATCH-CLA$b00$c20140529$lBLL01$h0034
=CAT  \\$aBATCH-CLA$b00$c20140529$lBLL01$h0035
=CAT  \\$aBLDSS-3PM$b00$c20141214$lBLL01$h1528
=CAT  \\$aBATCH-UPD$b00$c20150215$lBLL01$h1707
=CAT  \\$aIPL-CLA$c20150228$lBLL01$h2058
=CAT  \\$aBATCH-CLA$b00$c20160225$lBLL01$h0122
=CAT  \\$aDEL-3PM$c20160302$lBLL01$h1706
=CAT  \\$aBATCH-CLA$b00$c20160303$lBLL01$h0135
=CAT  \\$aIPL-CLA$c20160331$lBLL01$h1816
=CAT  \\$aW1607-1323$c20160726$lBLL01$h1341
=CAT  \\$aBATCH-CLA$b00$c20160727$lBLL01$h0131
=CAT  \\$aW1607-1323$c20160810$lBLL01$h1441
=CAT  \\$aBATCH-CLA$b00$c20160811$lBLL01$h0136
=CAT  \\$aBATCH-CLA$b00$c20171207$lBLL01$h0149
=CAT  \\$aBATCH-CLA$b00$c20171222$lBLL01$h2217
=CAT  \\$aIPL-CLA$c20171231$lBLL01$h1824
=CAT  \\$aBATCH-CLA$b00$c20190321$lBLL01$h1904
=CAT  \\$aIPL-CLA$c20190331$lBLL01$h1732
=CAT  \\$aBATCH-CLA$b00$c20221206$lBLL01$h1708
=CAT  \\$aIPL-CLA$c20221231$lBLL01$h1452
=CAT  \\$aBATCH-CLA$b00$c20230302$lBLL01$h1819
=CFI  0\$aCurrent Copyright Fee: GBP28.00$c0$e09-feb-2023$fGBP28.00$g0$hC$5Uk
=EST  \\$a1
=FIN  \\$aY$d20140528
=LKR  \\$aANA$b016065053$lBLL01$nScience news$mAmerican Association of Physical Anthropologists, Calgary, Alberta, April 8-12$r773$y2014$v185$i11
=TCO  \\$aTRS$bCCC$c008
=ACF  \\$aPrevious Copyright Fee: GBP15.00$c0$e01-jan-2017$fGBP15.00$g0$hA$5Uk
=ACF  \\$aPrevious Copyright Fee: GBP17.50$c0$e01-jan-2018$fGBP17.50$g0$hA$5Uk
=LAS  \\$aBATCH-CLA$b00$c20230302$lBLL01$h1819

