=LDR  02027caa a22004817i 4500
=001  016797439
=003  Uk
=005  20140724114029.0
=006  m\\\\||\\d\|\\\\\\
=007  cr\|||||||||||
=008  140724s2008\\\\enk\\\\\o\\\\|1|0\0|eng\\
=FMT  \\$a  BK
=040  \\$aUk$beng$cUk$erda
=CNF  \\$aMethods and skills workshop$d(2006 Nov :$cPune, India)
=245  00$aScientific publications :$bmethods and skills workshop, C-DAC Conference Hall, University of Pune, Pune, India, November 9, 2006.
=264  \1$aOxford :$bOxford University Press,$c[2008]
=300  \\$a1 online resource (page 115)
=336  \\$atext$2rdacontent
=337  \\$acomputer$2rdamedia
=338  \\$aonline resource$2rdacarrier
=490  0\$aEvidence-based complementary and alternative medicine,$x1741-427X ,$vvol 5 issue 1 2008
=591  \\$aReport. Held as part of the 2nd World Ayurved Congress
=595  \\$aESTAR title.
=540  \\$aCurrent copyright fee: zero$c0$5Uk
=653  1\$aAyurveda
=653  2\$aScientific publications
=773  0\$tEvidence-based complementary and alternative medicine$gv. 5, issue 1 (March 2008)
=852  41$aBritish Library$bHMNTS$jELD Digital store
=852  41$aBritish Library$bDSC$j3831.036630
=945  \\$aEvidence-based complementary and alternative medicine, ISSN 1741-427X ; vol 5 issue 1 2008
=CAT  \\$a10997$b40$c20140724$lBLL01$h1140
=CAT  \\$aBATCH-CLA$b00$c20140725$lBLL01$h0045
=CAT  \\$aW1607-1323$c20160726$lBLL01$h1341
=CAT  \\$aBATCH-CLA$b00$c20160727$lBLL01$h0131
=CAT  \\$aW1607-1323$c20160810$lBLL01$h1441
=CAT  \\$aBATCH-CLA$b00$c20160811$lBLL01$h0137
=CAT  \\$aBATCH-CLA$b00$c20190613$lBLL01$h0107
=CFI  0\$aCurrent copyright fee: zero$c0$e12-jun-2019$fGBP0.00$g0$hZ$5Uk
=EST  \\$a1
=FIN  \\$aY$d20140724
=LKR  \\$aANA$b012914318$lBLL01$nEvidence-based complementary and alternative medicine$mScientific publications$r773$y2008$v5$i1
=TCO  \\$aTRS$bCCC$c008
=LAS  \\$aBATCH-CLA$b00$c20190613$lBLL01$h0107

