=LDR  03267caa a22008057i 4500
=001  016824126
=003  Uk
=005  20221231145252.0
=006  m\\\\||\\d\|\\\\\\
=007  cr\|||||||||||
=008  140813s2008\\\\xxu\\\\\o\\\\|1|0\0|eng\\
=FMT  \\$a  BK
=040  \\$aUk$beng$cUk$erda
=CNF  \\$aEuropean Liver and Intestine Transplant Association (Winter meeting)$n(4th :$d2008 Apr :$cCortina d'Ampezzo, Italy)
=245  00$a4TH ELITA - ELTR winter meeting April, 3-5, 2008, Cortina d'Ampezzo, Italy.
=264  \1$aHoboken :$bWiley,$c2008.
=300  \\$a1 online resource (pages 1-13)
=336  \\$atext$2rdacontent
=337  \\$acomputer$2rdamedia
=338  \\$aonline resource$2rdacarrier
=490  0\$aTransplant international,$x0934-0874 ,$vvol 21 suppl 1 2008
=591  \\$aAbstracts.
=595  \\$aESTAR title.
=540  \\$aCurrent Copyright Fee: GBP25.00$c0$5Uk
=653  1\$aELITA
=653  1\$aELTR
=653  1\$aLive transplant
=653  1\$aIntestine transplant
=653  2\$aTransplant register
=710  2\$aEuropean Liver and Intestine Transplant Association.
=773  0\$tTransplant international$gv. 21, issue s1 (April 2008)
=852  41$aBritish Library$bSTI$jELD Digital store
=852  41$aBritish Library$bDSC$j9024.989000
=945  \\$aTransplant international, ISSN 0934-0874 ; vol 21 suppl 1 2008
=CAT  \\$a10934$b40$c20140813$lBLL01$h0929
=CAT  \\$aBATCH-CLA$b00$c20140814$lBLL01$h0035
=CAT  \\$aBLDSS-3PM$b00$c20141214$lBLL01$h1528
=CAT  \\$aBATCH-CLA$b00$c20141215$lBLL01$h0111
=CAT  \\$aBATCH-UPD$b00$c20150215$lBLL01$h1640
=CAT  \\$aIPL-CLA$c20150228$lBLL01$h2059
=CAT  \\$a10969$b40$c20151203$lBLL01$h1005
=CAT  \\$aBATCH-UPD$b40$c20160525$lBLL01$h0738
=CAT  \\$aW1607-1323$c20160726$lBLL01$h1341
=CAT  \\$aW1607-1323$c20160810$lBLL01$h1441
=CAT  \\$aW1703-0316$c20170306$lBLL01$h1828
=CAT  \\$aW1703-0316$c20170307$lBLL01$h1651
=CAT  \\$aIPL-CLA$c20170307$lBLL01$h1825
=CAT  \\$aBATCH-UPD$b00$c20180219$lBLL01$h1757
=CAT  \\$aBATCH-UPD$b00$c20181121$lBLL01$h1627
=CAT  \\$aBATCH-CLA$b00$c20181122$lBLL01$h0127
=CAT  \\$aBATCH-CLA$b00$c20181122$lBLL01$h0150
=CAT  \\$aIPL-CLA$c20181231$lBLL01$h1554
=CAT  \\$aBATCH-CLA$b00$c20191128$lBLL01$h0122
=CAT  \\$aIPL-CLA$c20191231$lBLL01$h2039
=CAT  \\$aBATCH-CLA$b00$c20211027$lBLL01$h0125
=CAT  \\$aIPL-CLA$c20211231$lBLL01$h1546
=CAT  \\$aDEL-3PM$c20220105$lBLL01$h1525
=CAT  \\$aBATCH-CLA$b00$c20220106$lBLL01$h0104
=CAT  \\$aBATCH-CLA$b00$c20221221$lBLL01$h1929
=CAT  \\$aIPL-CLA$c20221231$lBLL01$h1452
=CFI  0\$aCurrent Copyright Fee: GBP25.00$c0$e01-jan-2023$fGBP25.00$g0$hA$5Uk
=CFI  2\$aPrevious Copyright Fee: GBP22.50$c0$e01-jan-2022$fGBP22.50$g0$hA$5Uk
=EST  \\$a1
=FIN  \\$aY$d20140813
=LKR  \\$aANA$b013095847$lBLL01$nTransplant international$m4TH ELITA - ELTR winter meeting April, 3-5, 2008, Cortina d'Ampezzo, Italy$r773$y2008$v21$i1$psn
=TCO  \\$aCLA$bCLA$c008
=TCO  \\$aDEU$bVG WORT$c008
=UNO  \\$aY
=ACF  \\$aPrevious copyright fee: GBP22.00$c10\0$e01-jan-2006$fGBP22.00$g0$hP$5Uk
=LAS  \\$aIPL-CLA$b00$c20221231$lBLL01$h1452

