=LDR  03265caa a22008057i 4500
=001  016878471
=003  Uk
=005  20221231145300.0
=006  m\\\\||\\d\|\\\\\\
=007  cr\|||||||||||
=008  141001s2014\\\\xxu\\\\\o\\\\|1|0\0|eng\\
=FMT  \\$a  BK
=040  \\$aUk$beng$cUk$erda
=CNF  \\$aEuropean Society for Organ Transplantation (Joint basic science meeting)$d(2013 Nov :$cParis)
=245  00$aReport of the Joint ESOT and TTS basic science meeting 2013 :$bcurrent concepts and discoveries in translational transplantation.
=264  \1$aHoboken :$bWiley,$c2014.
=300  \\$a1 online resource (pages 987-993)
=336  \\$atext$2rdacontent
=337  \\$acomputer$2rdamedia
=338  \\$aonline resource$2rdacarrier
=490  0\$aTransplant international,$x0934-0874 ,$vvol 27 issue 10 2014
=591  \\$aReport.
=595  \\$aESTAR title.
=540  \\$aCurrent Copyright Fee: GBP25.00$c0$5Uk
=653  1\$aTranslational transplantation
=653  1\$aTransplantation
=653  1\$aOrgan transplantation
=653  1\$aESOT
=653  1\$aTTS
=710  2\$aEuropean Society for Organ Transplantation.
=710  2\$aTransplantation Society.
=773  0\$tTransplant international$gv. 27, issue 10 (October 2014)
=852  41$aBritish Library$bSTI$jELD Digital store
=852  41$aBritish Library$bDSC$j9024.989000
=945  \\$aTransplant international, ISSN 0934-0874 ; vol 27 issue 10 2014
=CAT  \\$a10934$b40$c20141001$lBLL01$h1355
=CAT  \\$aBATCH-CLA$b00$c20141002$lBLL01$h0034
=CAT  \\$aBLDSS-3PM$b00$c20141214$lBLL01$h1528
=CAT  \\$aBATCH-CLA$b00$c20141215$lBLL01$h0111
=CAT  \\$aBATCH-UPD$b00$c20150215$lBLL01$h1641
=CAT  \\$aIPL-CLA$c20150228$lBLL01$h2059
=CAT  \\$aBATCH-UPD$b00$c20160525$lBLL01$h0738
=CAT  \\$aW1607-1323$c20160726$lBLL01$h1341
=CAT  \\$aW1607-1323$c20160810$lBLL01$h1441
=CAT  \\$aW1703-0316$c20170306$lBLL01$h1828
=CAT  \\$aW1703-0316$c20170307$lBLL01$h1651
=CAT  \\$aIPL-CLA$c20170307$lBLL01$h1825
=CAT  \\$aBATCH-UPD$b00$c20180219$lBLL01$h1757
=CAT  \\$aBATCH-UPD$b00$c20181121$lBLL01$h1627
=CAT  \\$aBATCH-CLA$b00$c20181122$lBLL01$h0127
=CAT  \\$aBATCH-CLA$b00$c20181122$lBLL01$h0150
=CAT  \\$aIPL-CLA$c20181231$lBLL01$h1554
=CAT  \\$aBATCH-CLA$b00$c20191128$lBLL01$h0122
=CAT  \\$aIPL-CLA$c20191231$lBLL01$h2039
=CAT  \\$aBATCH-CLA$b00$c20211027$lBLL01$h0125
=CAT  \\$aIPL-CLA$c20211231$lBLL01$h1546
=CAT  \\$aDEL-3PM$c20220105$lBLL01$h1525
=CAT  \\$aBATCH-CLA$b00$c20220106$lBLL01$h0104
=CAT  \\$aBATCH-CLA$b00$c20221221$lBLL01$h1930
=CAT  \\$aIPL-CLA$c20221231$lBLL01$h1453
=CFI  0\$aCurrent Copyright Fee: GBP25.00$c0$e01-jan-2023$fGBP25.00$g0$hA$5Uk
=CFI  2\$aPrevious Copyright Fee: GBP22.50$c0$e01-jan-2022$fGBP22.50$g0$hA$5Uk
=EST  \\$a1
=FIN  \\$aY$d20141001
=LKR  \\$aANA$b013095847$lBLL01$nTransplant international$mReport of the Joint ESOT and TTS basic science meeting 2013$r773$y2014$v27$i10
=TCO  \\$aCLA$bCLA$c008
=TCO  \\$aDEU$bVG WORT$c008
=UNO  \\$aY
=ACF  \\$aPrevious copyright fee: GBP22.00$c10\0$e01-jan-2006$fGBP22.00$g0$hP$5Uk
=LAS  \\$aIPL-CLA$b00$c20221231$lBLL01$h1453

