=LDR  02736caa a22006617i 4500
=001  016897532
=003  Uk
=005  20230302181951.0
=006  m\\\\||\\d\|\\\\\\
=007  cr\|||||||||||
=008  141021s2014\\\\xxu\\\\\o\\\\|1|0\0|eng\\
=FMT  \\$a  BK
=040  \\$aUk$beng$cUk$erda
=CNF  \\$aAntimicrobial agents and chemotherapy (Interscience conference)$d(2014 Sep :$cWashington, DC)
=245  00$aInterscience conference on antimicrobial agents and chemotherpy, Washington, D.C., Sept. 5-9.
=264  \1$aHoboken :$bWiley,$c2014.
=300  \\$a1 online resource (page 13)
=336  \\$atext$2rdacontent
=337  \\$acomputer$2rdamedia
=338  \\$aonline resource$2rdacarrier
=490  0\$aScience news -Washington-,$x0036-8423 ,$vvol 186 issue 8 2014
=591  \\$aReport.
=595  \\$aESTAR title.
=540  \\$aCurrent Copyright Fee: GBP28.00$c0$5Uk
=653  1\$aAntimicrobial agents
=653  1\$aChemotherapy
=773  0\$tScience news$gv. 186, issue 8 (October 2014)
=852  41$aBritish Library$bDSC$j8150.010000
=852  41$aBritish Library$bSTI$jELD Digital store
=945  \\$aScience news -Washington-, ISSN 0036-8423 ; vol 186 issue 8 2014
=CAT  \\$a10934$b40$c20141021$lBLL01$h1541
=CAT  \\$aBATCH-CLA$b00$c20141022$lBLL01$h0054
=CAT  \\$aBLDSS-3PM$b00$c20141214$lBLL01$h1528
=CAT  \\$aBATCH-CLA$b00$c20141215$lBLL01$h0111
=CAT  \\$aBATCH-UPD$b00$c20150215$lBLL01$h1708
=CAT  \\$aIPL-CLA$c20150228$lBLL01$h2059
=CAT  \\$aBATCH-CLA$b00$c20160225$lBLL01$h0122
=CAT  \\$aDEL-3PM$c20160302$lBLL01$h1706
=CAT  \\$aBATCH-CLA$b00$c20160303$lBLL01$h0135
=CAT  \\$aIPL-CLA$c20160331$lBLL01$h1817
=CAT  \\$aW1607-1323$c20160726$lBLL01$h1341
=CAT  \\$aW1607-1323$c20160810$lBLL01$h1441
=CAT  \\$aBATCH-CLA$b00$c20171207$lBLL01$h0149
=CAT  \\$aBATCH-CLA$b00$c20171222$lBLL01$h2218
=CAT  \\$aIPL-CLA$c20171231$lBLL01$h1826
=CAT  \\$aBATCH-CLA$b00$c20190321$lBLL01$h1904
=CAT  \\$aIPL-CLA$c20190331$lBLL01$h1732
=CAT  \\$aBATCH-CLA$b00$c20221206$lBLL01$h1708
=CAT  \\$aIPL-CLA$c20221231$lBLL01$h1453
=CAT  \\$aBATCH-CLA$b00$c20230302$lBLL01$h1819
=CFI  0\$aCurrent Copyright Fee: GBP28.00$c0$e09-feb-2023$fGBP28.00$g0$hC$5Uk
=EST  \\$a1
=FIN  \\$aY$d20141021
=LKR  \\$aANA$b016065053$lBLL01$nScience news$mInterscience conference on antimicrobial agents and chemotherpy, Washington, D.C., Sept. 5-9$r773$y2014$v186$i8
=TCO  \\$aTRS$bCCC$c008
=ACF  \\$aPrevious Copyright Fee: GBP15.00$c0$e01-jan-2017$fGBP15.00$g0$hA$5Uk
=ACF  \\$aPrevious Copyright Fee: GBP17.50$c0$e01-jan-2018$fGBP17.50$g0$hA$5Uk
=LAS  \\$aBATCH-CLA$b00$c20230302$lBLL01$h1819

