=LDR  03699caa a22008297i 4500
=001  016967708
=003  Uk
=005  20220930142930.0
=006  m\\\\||\\d\|\\\\\\
=007  cr\|||||||||||
=008  141203s2006\\\\ne\\\\\\o\\\\|1|0\0|eng\\
=FMT  \\$a  BK
=040  \\$aUk$beng$cUk$erda
=CNF  \\$aInternational Academy of Comparative Law (Congress)$n(17th :$d2006 Jul :$cUtrecht, Netherlands)
=245  04$aThe Seventeenth congress of the International Academy of Comparative Law.
=264  \1$aThe Netherlands :$bKluwer Law International,$c[2006]
=300  \\$a1 online resource (pages 839-843)
=336  \\$atext$2rdacontent
=337  \\$acomputer$2rdamedia
=338  \\$aonline resource$2rdacarrier
=490  0\$aEuropean review of private law,$x0928-9801 ,$vvol 14 issue 5/6 2006
=591  \\$aReport.
=595  \\$aESTAR title.
=540  \\$aCurrent copyright fee: GBP20.83$c34\0$5Uk
=653  1\$aComparative law
=653  1\$aLaw
=710  2\$aInternational Academy of Comparative Law.
=773  0\$tEuropean review of private law$gv. 14, issue 5/6 (December 2006)
=852  41$aBritish Library$bDSC$j3829.953070
=852  41$aBritish Library$bHMNTS$jELD Digital store
=945  \\$aEuropean review of private law, ISSN 0928-9801 ; vol 14 issue 5/6 2006
=CAT  \\$a10934$b40$c20141203$lBLL01$h1640
=CAT  \\$aBATCH-CLA$b00$c20190830$lBLL01$h0238
=CAT  \\$aIPL-CLA$c20190930$lBLL01$h1654
=CAT  \\$aBATCH-UPD$b00$c20200219$lBLL01$h1536
=CAT  \\$aBATCH-CLA$b00$c20200220$lBLL01$h0439
=CAT  \\$aBATCH-CLA$b00$c20200220$lBLL01$h0513
=CAT  \\$aIPL-CLA$c20200331$lBLL01$h1632
=CAT  \\$aBATCH-UPD$b00$c20200522$lBLL01$h1519
=CAT  \\$aBATCH-CLA$b00$c20200523$lBLL01$h0456
=CAT  \\$aBATCH-CLA$b00$c20200523$lBLL01$h0538
=CAT  \\$aIPL-CLA$c20200701$lBLL01$h0117
=CAT  \\$aBATCH-UPD$b00$c20210226$lBLL01$h1102
=CAT  \\$aBATCH-CLA$b00$c20210227$lBLL01$h0446
=CAT  \\$aBATCH-CLA$b00$c20210227$lBLL01$h0529
=CAT  \\$aIPL-CLA$c20210331$lBLL01$h1703
=CAT  \\$aBATCH-UPD$b00$c20210707$lBLL01$h1625
=CAT  \\$aIPL-CLA$c20210707$lBLL01$h1844
=CAT  \\$aBATCH-CLA$b00$c20210708$lBLL01$h0418
=CAT  \\$aBATCH-UPD$b00$c20220520$lBLL01$h1706
=CAT  \\$aBATCH-CLA$b00$c20220521$lBLL01$h0421
=CAT  \\$aBATCH-CLA$b00$c20220521$lBLL01$h0503
=CAT  \\$aIPL-CLA$c20220630$lBLL01$h1540
=CAT  \\$aBATCH-UPD$b00$c20220824$lBLL01$h0929
=CAT  \\$aBATCH-CLA$b00$c20220825$lBLL01$h0435
=CAT  \\$aBATCH-CLA$b00$c20220825$lBLL01$h0509
=CAT  \\$aIPL-CLA$c20220930$lBLL01$h1429
=CFI  0\$aCurrent copyright fee: GBP20.83$c34\0$e01-oct-2022$fGBP20.83$g0$hP$5Uk
=CFI  2\$aPrevious copyright fee: GBP20.00$c34\0$e01-jul-2022$fGBP20.00$g0$hP$5Uk
=EST  \\$a1
=FIN  \\$aY$d20141203
=LKR  \\$aANA$b012432932$lBLL01$nEuropean review of private law$mSeventeenth congress of the International Academy of Comparative Law$r773$y2006$v14$i5/6
=TCO  \\$aCLA$bCLA$c008
=UNO  \\$aY
=ACF  \\$aPrevious copyright fee: GBP15.15$c34\0$e01-jul-2014$fGBP15.15$g0$hP$5Uk
=ACF  \\$aPrevious copyright fee: GBP16.37$c34\0$e01-jul-2015$fGBP16.37$g0$hP$5Uk
=ACF  \\$aPrevious copyright fee: GBP16.13$c34\0$e01-oct-2015$fGBP16.13$g0$hP$5Uk
=ACF  \\$aPrevious copyright fee: GBP17.24$c34\0$e01-apr-2016$fGBP17.24$g0$hP$5Uk
=ACF  \\$aPrevious copyright fee: GBP18.52$c34\0$e01-oct-2016$fGBP18.52$g0$hP$5Uk
=ACF  \\$aPrevious copyright fee: GBP20.00$c34\0$e01-apr-2017$fGBP20.00$g0$hP$5Uk
=ACF  \\$aPrevious copyright fee: GBP20.00$c34\0$e01-jul-2020$fGBP20.00$g0$hP$5Uk
=LAS  \\$aIPL-CLA$b00$c20220930$lBLL01$h1429

