=LDR  03141caa a22007577i 4500
=001  016968563
=003  Uk
=005  20230315014350.0
=006  m\\\\||\\d\|\\\\\\
=007  cr\|||||||||||
=008  141204s2013\\\\xxu\\\\\o\\\\|1|0\0|eng\\
=FMT  \\$a  BK
=040  \\$aUk$beng$cUk$erda
=CNF  \\$aAll judges are political - except when they are not (Book symposium)$d(2013)
=245  00$aKeith J. Bybees 'All Judges are Political - Except When They Are Not' /$cedited by Howard S. Erlanger.
=264  \1$aHoboken, NJ :$bWiley,$c2013.
=300  \\$a1 online resource (pages 190-245)
=336  \\$atext$2rdacontent
=337  \\$acomputer$2rdamedia
=338  \\$aonline resource$2rdacarrier
=490  0\$aLaw and social inquiry,$x0897-6546 ,$vvol 38 iss 1 2013
=591  \\$aPapers.
=595  \\$aESTAR title.
=540  \\$aCurrent Copyright Fee: GBP22.50$c0$5Uk
=653  1\$aJudges
=653  1\$aBybee
=700  1\$aErlanger, Howard S.,$eeditor.
=773  0\$tLaw & social inquiry$gv. 38, issue 1 (December 2013)
=852  \\$aBritish Library$bDSC$j5161.364300
=852  41$aBritish Library$bHMNTS$jELD Digital store
=945  \\$aLaw and social inquiry, ISSN 0897-6546 ; vol 38 iss 1 2013
=CAT  \\$a6162$b40$c20141204$lBLL01$h1655
=CAT  \\$aW1703-0316$c20170306$lBLL01$h1828
=CAT  \\$aW1703-0316$c20170307$lBLL01$h1651
=CAT  \\$aIPL-CLA$c20170307$lBLL01$h1825
=CAT  \\$aBATCH-UPD$b00$c20180219$lBLL01$h1757
=CAT  \\$aBATCH-UPD$b00$c20181121$lBLL01$h1627
=CAT  \\$aBATCH-CLA$b00$c20181122$lBLL01$h0137
=CAT  \\$aBATCH-CLA$b00$c20181122$lBLL01$h0150
=CAT  \\$aBATCH-CLA$b00$c20181129$lBLL01$h0108
=CAT  \\$aIPL-CLA$c20181231$lBLL01$h1554
=CAT  \\$aW1902-1304$c20190314$lBLL01$h1242
=CAT  \\$aBATCH-UPD$b00$c20190314$lBLL01$h1620
=CAT  \\$aBATCH-CLA$b00$c20190315$lBLL01$h0121
=CAT  \\$aBATCH-CLA$b00$c20190315$lBLL01$h0126
=CAT  \\$aIPL-CLA$c20190331$lBLL01$h1732
=CAT  \\$aDEL-3PM$c20190409$lBLL01$h0908
=CAT  \\$aBATCH-CLA$b00$c20190410$lBLL01$h0141
=CAT  \\$aBATCH-CLA$b00$c20190621$lBLL01$h1540
=CAT  \\$aIPL-CLA$c20190630$lBLL01$h1548
=CAT  \\$aBATCH-CLA$b00$c20210328$lBLL01$h1319
=CAT  \\$aIPL-CLA$c20210331$lBLL01$h1703
=CAT  \\$aBATCH-CLA$b00$c20221206$lBLL01$h1738
=CAT  \\$aIPL-CLA$c20221231$lBLL01$h1453
=CAT  \\$aBATCH-CLA$b00$c20230302$lBLL01$h1820
=CAT  \\$aBATCH-CLA$b00$c20230311$lBLL01$h0105
=CAT  \\$aBATCH-CLA$b00$c20230315$lBLL01$h0143
=CFI  0\$aCurrent Copyright Fee: GBP22.50$c0$e14-mar-2023$fGBP22.50$g0$hC$5Uk
=EST  \\$a1
=FIN  \\$aY$d20141204
=LKR  \\$aANA$b013493988$lBLL01$nLaw & social inquiry$mKeith J. Bybees 'All Judges are Political - Except When They Are Not'$r773$y2013$v38$i1
=TCO  \\$aTRS$bCCC$c008
=ACF  \\$aPrevious copyright fee: GBP22.00$c10\0$e01-jan-2011$fGBP22.00$g0$hP$5Uk
=ACF  \\$aPrevious Copyright Fee: GBP17.50$c0$e01-apr-2019$fGBP17.50$g0$hA$5Uk
=ACF  \\$aPrevious Copyright Fee: GBP10.00$c0$e01-jul-2019$fGBP10.00$g0$hC$5Uk
=LAS  \\$aBATCH-CLA$b00$c20230315$lBLL01$h0143

