=LDR  03997caa a22008537i 4500
=001  017029752
=003  Uk
=005  20220930142935.0
=006  m\\\\||\\d\|\\\\\\
=007  cr\|||||||||||
=008  150128s2004\\\\ne\\\\\\o\\\\|1|0\0|eng\\
=FMT  \\$a  BK
=040  \\$aUk$beng$cUk$erda
=CNF  \\$aInternational Industrial Relations Association (World congress)$n(13th :$d2003 Sep :$cBerlin)
=245  00$a13th World congress of the International Industrial Relations Association (IIRA) :$bbeyond traditional employment : industrial relations in the network economy.
=264  \1$aAlphen aan den Rijn, The Netherlands :$bKluwer Law International,$c[2004]
=300  \\$a1 online resource (pages 305-310)
=336  \\$atext$2rdacontent
=337  \\$acomputer$2rdamedia
=338  \\$aonline resource$2rdacarrier
=490  0\$aInternational journal of comparative labour law and industrial relations,$x0952-617X ,$vvol 20 issue 2 2004
=591  \\$aReport.
=595  \\$aESTAR title.
=540  \\$aCurrent copyright fee: GBP20.83$c34\0$5Uk
=653  1\$aIndustrial relations
=653  1\$aTraditional employment
=653  1\$aNetwork economy
=653  1\$aEmployment
=653  1\$aIIRA
=710  2\$aInternational Industrial Relations Association.
=773  0\$tInternational journal of comparative labour law and industrial relations$gv. 20, issue 2 (Summer 2004)
=852  41$aBritish Library$bDSC$j4542.172900
=852  41$aBritish Library$bHMNTS$jELD Digital store
=945  \\$aInternational journal of comparative labour law and industrial relations, ISSN 0952-617X ; vol 20 issue 2 2004
=CAT  \\$a10934$b40$c20150128$lBLL01$h0852
=CAT  \\$aBATCH-CLA$b00$c20190830$lBLL01$h0238
=CAT  \\$aIPL-CLA$c20190930$lBLL01$h1654
=CAT  \\$aBATCH-UPD$b00$c20200219$lBLL01$h1536
=CAT  \\$aBATCH-CLA$b00$c20200220$lBLL01$h0457
=CAT  \\$aBATCH-CLA$b00$c20200220$lBLL01$h0513
=CAT  \\$aIPL-CLA$c20200331$lBLL01$h1632
=CAT  \\$aBATCH-UPD$b00$c20200522$lBLL01$h1519
=CAT  \\$aBATCH-CLA$b00$c20200523$lBLL01$h0517
=CAT  \\$aBATCH-CLA$b00$c20200523$lBLL01$h0538
=CAT  \\$aIPL-CLA$c20200701$lBLL01$h0117
=CAT  \\$aBATCH-UPD$b00$c20210226$lBLL01$h1102
=CAT  \\$aBATCH-CLA$b00$c20210227$lBLL01$h0507
=CAT  \\$aBATCH-CLA$b00$c20210227$lBLL01$h0529
=CAT  \\$aIPL-CLA$c20210331$lBLL01$h1703
=CAT  \\$aBATCH-UPD$b00$c20210707$lBLL01$h1625
=CAT  \\$aIPL-CLA$c20210707$lBLL01$h1844
=CAT  \\$aBATCH-CLA$b00$c20210708$lBLL01$h0438
=CAT  \\$aBATCH-UPD$b00$c20220520$lBLL01$h1706
=CAT  \\$aBATCH-CLA$b00$c20220521$lBLL01$h0443
=CAT  \\$aBATCH-CLA$b00$c20220521$lBLL01$h0503
=CAT  \\$aIPL-CLA$c20220630$lBLL01$h1540
=CAT  \\$aBATCH-UPD$b00$c20220824$lBLL01$h0929
=CAT  \\$aBATCH-CLA$b00$c20220825$lBLL01$h0456
=CAT  \\$aBATCH-CLA$b00$c20220825$lBLL01$h0509
=CAT  \\$aIPL-CLA$c20220930$lBLL01$h1429
=CFI  0\$aCurrent copyright fee: GBP20.83$c34\0$e01-oct-2022$fGBP20.83$g0$hP$5Uk
=CFI  2\$aPrevious copyright fee: GBP20.00$c34\0$e01-jul-2022$fGBP20.00$g0$hP$5Uk
=EST  \\$a1
=FIN  \\$aY$d20150128
=LKR  \\$aANA$b012433440$lBLL01$nInternational journal of comparative labour law and industrial relations$m13th World congress of the International Industrial Relations Association (IIRA)$r773$y2004$v20$i2
=TCO  \\$aCLA$bCLA$c008
=UNO  \\$aY
=ACF  \\$aPrevious copyright fee: GBP15.15$c34\0$e01-jul-2014$fGBP15.15$g0$hP$5Uk
=ACF  \\$aPrevious copyright fee: GBP16.37$c34\0$e01-jul-2015$fGBP16.37$g0$hP$5Uk
=ACF  \\$aPrevious copyright fee: GBP17.24$c34\0$e01-apr-2016$fGBP17.24$g0$hP$5Uk
=ACF  \\$aPrevious copyright fee: GBP18.52$c34\0$e01-oct-2016$fGBP18.52$g0$hP$5Uk
=ACF  \\$aPrevious copyright fee: GBP20.00$c34\0$e01-apr-2017$fGBP20.00$g0$hP$5Uk
=ACF  \\$aPrevious copyright fee: GBP20.00$c34\0$e01-jul-2020$fGBP20.00$g0$hP$5Uk
=LAS  \\$aIPL-CLA$b00$c20220930$lBLL01$h1429

