=LDR  02223caa a22005537i 4500
=001  017035664
=003  Uk
=005  20150203140526.0
=006  m\\\\||\\d\|\\\\\\
=007  cr\|||||||||||
=008  150203s2015\\\\xxu\\\\\o\\\\|1|0\0|eng\\
=FMT  \\$a  BK
=040  \\$aUk$beng$cUk$erda
=CNF  \\$aSociety for Integrative and Comparative Biology (Meeting)$d(2015 Jan :$cWest Palm Beach, FL)
=245  00$aSociety for Integrative and Comparative Biology, West Palm Beach, Fla., January 3-7.
=264  \1$aWashington :$bWiley,$c2015.
=300  \\$a1 online resource (page 12)
=336  \\$atext$2rdacontent
=337  \\$acomputer$2rdamedia
=338  \\$aonline resource$2rdacarrier
=490  0\$aScience news -Washington-,$x0036-8423 ,$vvol 187 issue 3 2015
=591  \\$aReports.
=595  \\$aESTAR title.
=540  \\$aCurrent Copyright Fee: GBP24.00$c0$5Uk
=653  1\$aEvolution
=653  1\$aComparative biology
=653  1\$aIntegrative biology
=710  2\$aSociety for Integrative and Comparative Biology.
=773  0\$tScience news$gv. 187, issue 3 (February 2015)
=852  41$aBritish Library$bDSC$j8150.010000
=852  41$aBritish Library$bSTI$jELD Digital store
=945  \\$aScience news -Washington-, ISSN 0036-8423 ; vol 187 issue 3 2015
=CAT  \\$a10934$b40$c20150203$lBLL01$h1405
=CAT  \\$aBATCH-CLA$b00$c20150216$lBLL01$h0047
=CAT  \\$aIPL-CLA$c20150228$lBLL01$h2059
=CAT  \\$aBLDSS-3PM$b00$c20150522$lBLL01$h1544
=CAT  \\$aBATCH-CLA$b00$c20160225$lBLL01$h0122
=CAT  \\$aDEL-3PM$c20160302$lBLL01$h1706
=CAT  \\$aBATCH-CLA$b00$c20160303$lBLL01$h0135
=CAT  \\$aIPL-CLA$c20160331$lBLL01$h1818
=CAT  \\$aW1607-1323$c20160726$lBLL01$h1341
=CAT  \\$aW1607-1323$c20160810$lBLL01$h1442
=CFI  0\$aCurrent Copyright Fee: GBP24.00$c0$e01-apr-2016$fGBP24.00$g0$hC$5Uk
=CFI  2\$aPrevious copyright fee: GBP12.30$c0$e24-feb-2016$fGBP12.30$g0$hA$5Uk
=EST  \\$a1
=FIN  \\$aY$d20150203
=LKR  \\$aANA$b016065053$lBLL01$nScience news$mSociety for Integrative and Comparative Biology, West Palm Beach, Fla., January 3-7$r773$y2015$v187$i3
=TCO  \\$aTRS$bCCC$c008
=LAS  \\$aW1607-1323$b00$c20160810$lBLL01$h1442

