=LDR  03258caa a22007817a 4500
=001  016134694
=003  Uk
=005  20230302181633.0
=006  m\\\\||\\d\|\\\\\\
=007  cr\|||||||||||
=008  120731s2012\\\\enk\\\\\o\\\\|1|0\0|eng\\
=FMT  \\$a  BK
=040  \\$aUk$beng$cUk
=CNF  \\$aAnnual Thomas A. Pitts memorial lectureship (Symposium)$n(16th :$d2009 Oct)
=245  04$aThe graying of America$h[electronic resource] :$bchallenges and controversies.
=260  \\$bBlackwells,$c2012.
=300  \\$a1 online resource (p. 6-84)
=336  \\$atext$2rdacontent
=337  \\$acomputer$2rdamedia
=338  \\$aonline resource$2rdacarrier
=490  0\$aJournal of law, medicine & ethics,$x1748-720X ,$vvol 40 no 1 2012
=591  \\$aPapers. Also known as Thomas A. Pitts memorial lectureship in medical ethics.
=595  \\$aESTAR title.
=540  \\$aCurrent Copyright Fee: GBP22.50$c0$5Uk
=653  1\$aGraying
=653  1\$aMedical ethics
=653  1\$aPitts
=773  0\$tJournal of law medicine & ethics$gVol. 40, no. 1 (Mar. 2012)
=852  41$aBritish Library$bHMNTS$jELD Digital store
=852  \\$aBritish Library$bDSC$j5010.195000
=945  \\$aJournal of law, medicine & ethics, ISSN 1748-720X ; vol 40 no 1 2012
=CAT  \\$a6162$b40$c20120731$lBLL01$h1052
=CAT  \\$aBATCH-CLA$b00$c20190522$lBLL01$h0242
=CAT  \\$aIPL-CLA$c20190630$lBLL01$h1546
=CAT  \\$aBATCH-UPD$b00$c20190829$lBLL01$h1430
=CAT  \\$aBATCH-CLA$b00$c20190830$lBLL01$h0211
=CAT  \\$aBATCH-CLA$b00$c20190830$lBLL01$h0237
=CAT  \\$aIPL-CLA$c20190930$lBLL01$h1651
=CAT  \\$aBATCH-UPD$b00$c20200219$lBLL01$h1420
=CAT  \\$aBATCH-CLA$b00$c20200220$lBLL01$h0454
=CAT  \\$aBATCH-CLA$b00$c20200220$lBLL01$h0512
=CAT  \\$aIPL-CLA$c20200331$lBLL01$h1628
=CAT  \\$aBATCH-UPD$b00$c20200522$lBLL01$h1413
=CAT  \\$aBATCH-CLA$b00$c20200523$lBLL01$h0514
=CAT  \\$aBATCH-CLA$b00$c20200523$lBLL01$h0537
=CAT  \\$aIPL-CLA$c20200701$lBLL01$h0113
=CAT  \\$aBATCH-CLA$b00$c20201216$lBLL01$h0159
=CAT  \\$aIPL-CLA$c20201231$lBLL01$h1532
=CAT  \\$aDEL-3PM$c20210112$lBLL01$h1250
=CAT  \\$aBATCH-CLA$b00$c20210113$lBLL01$h0123
=CAT  \\$aBATCH-CLA$b00$c20210328$lBLL01$h1316
=CAT  \\$aIPL-CLA$c20210331$lBLL01$h1702
=CAT  \\$aBATCH-CLA$b00$c20210617$lBLL01$h1356
=CAT  \\$aIPL-CLA$c20210704$lBLL01$h1017
=CAT  \\$aBATCH-CLA$b00$c20221206$lBLL01$h1723
=CAT  \\$aIPL-CLA$c20221231$lBLL01$h1451
=CAT  \\$aBATCH-CLA$b00$c20230302$lBLL01$h1816
=CFI  0\$aCurrent Copyright Fee: GBP22.50$c0$e09-feb-2023$fGBP22.50$g0$hC$5Uk
=EST  \\$a1
=FIN  \\$aY$d20120731
=LKR  \\$aANA$b013497058$lBLL01$nThe journal of law medicine & ethics$mThe graying of America$r773$y2012$v40$i1
=TCO  \\$aCLA$bCLA$c008
=UNO  \\$aY
=ACF  \\$aPrevious copyright fee: GBP27.59$c103\0$e01-apr-2016$fGBP27.59$g0$hP$5Uk
=ACF  \\$aPrevious copyright fee: GBP29.63$c103\0$e01-oct-2016$fGBP29.63$g0$hP$5Uk
=ACF  \\$aPrevious copyright fee: GBP22.50$c0$e01-jan-2021$fGBP22.50$g0$hA$5Uk
=ACF  \\$aBritish Library not licensed to copy$c0$e01-apr-2021$hC$iCFP Excluded$5Uk
=LAS  \\$aBATCH-CLA$b00$c20230302$lBLL01$h1816

