=LDR  03334caa a22007697a 4500
=001  016224120
=003  Uk
=005  20230302181710.0
=006  m\\\\||\\d\|\\\\\\
=007  cr\|||||||||||
=008  121203s2012\\\\xxu\\\\\o\\\\|1|0\0|eng\\
=FMT  \\$a  BK
=040  \\$aUk$beng$cUk
=CNF  \\$aRight to the highest attainable standard of health- the case of pharmaceutical transnational corporations (Conference)$d(2010 :$cSao Paulo, Brazil)
=245  00$aSymposium on pharmaceutical firms and the right to health$h[electronic resource].
=260  \\$bWiley,$c2012.
=300  \\$a1 online resource (p. 183-427)
=336  \\$atext$2rdacontent
=337  \\$acomputer$2rdamedia
=338  \\$aonline resource$2rdacarrier
=490  0\$aJournal of law, medicine & ethics,$x1748-720X ,$vvol 40 iss 2 2012
=591  \\$aPapers. Based on those presented at the conference.
=595  \\$aESTAR title.
=540  \\$aCurrent Copyright Fee: GBP22.50$c0$5Uk
=653  1\$aPharmaceutical firms
=653  2\$aHealth standards
=773  0\$tJournal of law, medicine & ethics$gVol. 40, iss. 2 (June 2012)
=852  41$aBritish Library$bHMNTS$jELD Digital store
=852  \\$aBritish Library$bDSC$j5010.195000
=945  \\$aJournal of law, medicine & ethics, ISSN 1748-720X ; vol 40 iss 2 2012
=CAT  \\$a6162$b40$c20121203$lBLL01$h1710
=CAT  \\$aBATCH-CLA$b00$c20190522$lBLL01$h0242
=CAT  \\$aIPL-CLA$c20190630$lBLL01$h1546
=CAT  \\$aBATCH-UPD$b00$c20190829$lBLL01$h1430
=CAT  \\$aBATCH-CLA$b00$c20190830$lBLL01$h0211
=CAT  \\$aBATCH-CLA$b00$c20190830$lBLL01$h0237
=CAT  \\$aIPL-CLA$c20190930$lBLL01$h1651
=CAT  \\$aBATCH-UPD$b00$c20200219$lBLL01$h1420
=CAT  \\$aBATCH-CLA$b00$c20200220$lBLL01$h0454
=CAT  \\$aBATCH-CLA$b00$c20200220$lBLL01$h0512
=CAT  \\$aIPL-CLA$c20200331$lBLL01$h1629
=CAT  \\$aBATCH-UPD$b00$c20200522$lBLL01$h1413
=CAT  \\$aBATCH-CLA$b00$c20200523$lBLL01$h0514
=CAT  \\$aBATCH-CLA$b00$c20200523$lBLL01$h0537
=CAT  \\$aIPL-CLA$c20200701$lBLL01$h0114
=CAT  \\$aBATCH-CLA$b00$c20201216$lBLL01$h0159
=CAT  \\$aIPL-CLA$c20201231$lBLL01$h1532
=CAT  \\$aDEL-3PM$c20210112$lBLL01$h1250
=CAT  \\$aBATCH-CLA$b00$c20210113$lBLL01$h0123
=CAT  \\$aBATCH-CLA$b00$c20210328$lBLL01$h1316
=CAT  \\$aIPL-CLA$c20210331$lBLL01$h1702
=CAT  \\$aBATCH-CLA$b00$c20210617$lBLL01$h1356
=CAT  \\$aIPL-CLA$c20210704$lBLL01$h1017
=CAT  \\$aBATCH-CLA$b00$c20221206$lBLL01$h1723
=CAT  \\$aIPL-CLA$c20221231$lBLL01$h1451
=CAT  \\$aBATCH-CLA$b00$c20230302$lBLL01$h1817
=CFI  0\$aCurrent Copyright Fee: GBP22.50$c0$e09-feb-2023$fGBP22.50$g0$hC$5Uk
=EST  \\$a1
=FIN  \\$aY$d20121203
=LKR  \\$aANA$b013497058$lBLL01$nJournal of law, medicine & ethics$mSymposium on pharmaceutical firms and the right to health$r773$y2012$v40$i2
=TCO  \\$aCLA$bCLA$c008
=UNO  \\$aY
=ACF  \\$aPrevious copyright fee: GBP27.59$c103\0$e01-apr-2016$fGBP27.59$g0$hP$5Uk
=ACF  \\$aPrevious copyright fee: GBP29.63$c103\0$e01-oct-2016$fGBP29.63$g0$hP$5Uk
=ACF  \\$aPrevious copyright fee: GBP22.50$c0$e01-jan-2021$fGBP22.50$g0$hA$5Uk
=ACF  \\$aBritish Library not licensed to copy$c0$e01-apr-2021$hC$iCFP Excluded$5Uk
=LAS  \\$aBATCH-CLA$b00$c20230302$lBLL01$h1817

